<record xmlns="http://www.loc.gov/MARC21/slim" xmlns:xsi="http://www.w3.org/2001/XMLSchema-instance" xsi:schemaLocation="http://www.loc.gov/MARC21/slim http://www.loc.gov/standards/marcxml/schema/MARC21slim.xsd"><leader>00644cz   2200157n  4500</leader><controlfield tag="001">oca03107103 </controlfield><controlfield tag="005">20011127143155.0</controlfield><controlfield tag="008">920208n| acannaab           |a aaa      </controlfield><datafield ind1=" " ind2=" " tag="010"><subfield code="a">n  92014232 </subfield></datafield><datafield ind1=" " ind2=" " tag="040"><subfield code="a">DLC</subfield><subfield code="c">DLC</subfield><subfield code="d">DLC</subfield></datafield><datafield ind1="0" ind2=" " tag="100"><subfield code="a">Sulpicia,</subfield><subfield code="d">1st cent. B.C.</subfield></datafield><datafield ind1="0" ind2=" " tag="400"><subfield code="a">Sulpicia,</subfield><subfield code="d">fl. 25 B.C.</subfield><subfield code="w">nnaa</subfield></datafield><datafield ind1="0" ind2=" " tag="400"><subfield code="a">Soulpikia,</subfield><subfield code="d">1st cent. B.C.</subfield></datafield><datafield ind1=" " ind2=" " tag="670"><subfield code="a">Alvios Tivoullos ... 1989:</subfield><subfield code="b">t.p. (Soulpikia; Sulpicia)</subfield></datafield><datafield ind1=" " ind2=" " tag="670"><subfield code="a">Oxf. class. dict.</subfield><subfield code="b">(Sulpicia, daughter of Servius Sulpicius Rufus, ward of Valerius Messalla; she composed six short elegies, incorporated in the Tibullus collection)</subfield></datafield><datafield ind1=" " ind2=" " tag="670"><subfield code="a">LC data base, 4-2-92</subfield><subfield code="b">(hdg.: Sulpicia, fl. 25 B.C.)</subfield></datafield></record>